% Encoding: UTF-8

@InProceedings{MLQP,
  author    = {Bao-Liang Lu and Yan Bai and Hajime Kita and Y. Nishikawa},
  booktitle = {Proceedings of 1993 International Conference on Neural Networks ({IJCNN}-93-Nagoya, Japan)},
  title     = {An efficient multilayer quadratic perceptron for pattern classification and function approximation},
  year      = {1993},
  pages     = {1385-1388},
  publisher = {{IEEE}},
  volume    = {2},
  doi       = {10.1109/ijcnn.1993.716802},
}

@Comment{jabref-meta: databaseType:bibtex;}
